<?xml version="1.0" encoding="UTF-8"?>
<collection xmlns="http://www.loc.gov/MARC21/slim">
<!-- lc serial -->
    <record>
        <leader>01659cas a2200409Ia 4500</leader>
        <controlfield tag="001">aonlyLoppedLC</controlfield>
        <controlfield tag="008">090331c20079999ja ar         0    0jpn d</controlfield>
        <datafield tag="245" ind1="0" ind2="0">
            <subfield code="a">only lopped LC call numbers</subfield>
        </datafield>
        <datafield tag="999" ind1=" " ind2=" ">
            <subfield code="a">PN1993.5 .A1 S5595 V.1 2007</subfield>
            <subfield code="w">LCPER</subfield>
            <subfield code="c">1</subfield>
            <subfield code="i">36105130701050</subfield>
            <subfield code="l">JAPANESE</subfield>
            <subfield code="m">EAST-ASIA</subfield>
        </datafield>
        <datafield tag="999" ind1=" " ind2=" ">
            <subfield code="a">PN1993.5 .A1 S5595 V.2 2008</subfield>
            <subfield code="w">LCPER</subfield>
            <subfield code="c">1</subfield>
            <subfield code="i">36105130701043</subfield>
            <subfield code="l">JAPANESE</subfield>
            <subfield code="m">EAST-ASIA</subfield>
        </datafield>    
    </record>