
<!-- dewey serial -->
    <record>
        <leader>01659cas a2200409Ia 4500</leader>
        <controlfield tag="001">aonlyLoppedDewey</controlfield>
        <controlfield tag="008">080718c20089999vaumr p       0    0eng d</controlfield>
        <datafield tag="245" ind1="0" ind2="0">
            <subfield code="a">only lopped dewey call numbers</subfield>
        </datafield>
        <datafield tag="999" ind1=" " ind2=" ">
            <subfield code="a">550.5 .G355 V.53 2008:SEPT.-DEC.</subfield>
            <subfield code="w">DEWEYPER</subfield>
            <subfield code="c">1</subfield>
            <subfield code="i">36105132729083</subfield>
            <subfield code="j">2</subfield>
            <subfield code="l">STACKS</subfield>
            <subfield code="m">EARTH-SCI</subfield>
        </datafield>
        <datafield tag="999" ind1=" " ind2=" ">
            <subfield code="a">550.5 .G355 V.55:NO.1 2010:JAN.</subfield>
            <subfield code="w">DEWEYPER</subfield>
            <subfield code="c">1</subfield>
            <subfield code="i">36105213121408</subfield>
            <subfield code="l">STACKS</subfield>
            <subfield code="m">EARTH-SCI</subfield>
            <subfield code="p">$250.00</subfield>
        </datafield>
    </record>