
    
<!-- sudoc serial -->    
    <record>
        <leader>01679nam a2200349 a 4500</leader>
        <controlfield tag="001">aonlyLoppedSudoc</controlfield>
        <controlfield tag="008">090902m20099999dcu      b   f000 0 eng c</controlfield>
        <datafield tag="245" ind1="0" ind2="0">
            <subfield code="a">only sudoc lopped call numbers</subfield>
        </datafield>
        <datafield tag="999" ind1=" " ind2=" ">
            <subfield code="a">Y 1.1/8:111-244/PT.1</subfield>
            <subfield code="w">SUDOC</subfield>
            <subfield code="c">1</subfield>
            <subfield code="i">36105050522601</subfield>
            <subfield code="l">FED-DOCS</subfield>
            <subfield code="m">GREEN</subfield>
        </datafield>    
        <datafield tag="999" ind1=" " ind2=" ">
            <subfield code="a">Y 1.1/8:111-244/PT.2</subfield>
            <subfield code="w">SUDOC</subfield>
            <subfield code="c">1</subfield>
            <subfield code="i">36105050522602</subfield>
            <subfield code="l">FED-DOCS</subfield>
            <subfield code="m">GREEN</subfield>
        </datafield>    
    </record>