
    <record>
        <leader>02619cgm a2200481Ka 4500</leader>
        <controlfield tag="001">aloppedAndUnloppedOther</controlfield>
        <controlfield tag="008">050210s2004    xxu600 j          vleng d</controlfield>
        <datafield tag="245" ind1="0" ind2="0">
            <subfield code="a">unlopped "other" call number the same as lopped "other" call number</subfield>
        </datafield>
        <datafield tag="999" ind1=" " ind2=" ">
            <subfield code="a">ZDVD 9149</subfield>
            <subfield code="w">ALPHANUM</subfield>
            <subfield code="c">1</subfield>
            <subfield code="i">36105118480008</subfield>
            <subfield code="l">MEDIA-MTXT</subfield>
            <subfield code="m">GREEN</subfield>
        </datafield>
        <datafield tag="999" ind1=" " ind2=" ">
            <subfield code="a">ZDVD 9149 DISC 1</subfield>
            <subfield code="w">ALPHANUM</subfield>
            <subfield code="c">1</subfield>
            <subfield code="i">36105118480008</subfield>
            <subfield code="l">MEDIA-MTXT</subfield>
            <subfield code="m">GREEN</subfield>
        </datafield>
        <datafield tag="999" ind1=" " ind2=" ">
            <subfield code="a">ZDVD 9149 DISC 2</subfield>
            <subfield code="w">ALPHANUM</subfield>
            <subfield code="c">1</subfield>
            <subfield code="i">36105118479992</subfield>
            <subfield code="l">MEDIA-MTXT</subfield>
            <subfield code="m">GREEN</subfield>
        </datafield>    
    </record>