
<!-- other serial -->    
    <record>
        <leader>01659cas a2200409Ia 4500</leader>
        <controlfield tag="001">aonlyLoppedOtherSerial</controlfield>
        <controlfield tag="008">041029c20049999cauar        s0    0eng d</controlfield>
        <datafield tag="245" ind1="0" ind2="0">
            <subfield code="a">only lopped sudoc call numbers</subfield>
        </datafield>
        <datafield tag="999" ind1=" " ind2=" ">
            <subfield code="a">CALIF G700 .H25 R4 2004:JUL.</subfield>
            <subfield code="w">ALPHANUM</subfield>
            <subfield code="c">1</subfield>
            <subfield code="i">36105130393361</subfield>
            <subfield code="l">CALIF-DOCS</subfield>
            <subfield code="m">GREEN</subfield>
        </datafield>
        <datafield tag="999" ind1=" " ind2=" ">
            <subfield code="a">CALIF G700 .H25 R4 2005:JUL.</subfield>
            <subfield code="w">ALPHANUM</subfield>
            <subfield code="c">1</subfield>
            <subfield code="i">36105130393353</subfield>
            <subfield code="l">CALIF-DOCS</subfield>
            <subfield code="m">GREEN</subfield>
        </datafield>
    </record>